<record><leader>00000cas a22000007a 4500</leader><controlfield tag="001">21388947</controlfield><controlfield tag="008">900418d194219uucouwr ne      0    0eng d</controlfield><controlfield tag="009">9774</controlfield><datafield ind1=" " ind2=" " tag="010"><subfield code="a">sn 90051260 </subfield></datafield><datafield ind1=" " ind2=" " tag="040"><subfield code="a">CNQ</subfield><subfield code="b">eng</subfield><subfield code="c">CNQ</subfield><subfield code="d">DLC</subfield><subfield code="d">OCL</subfield></datafield><datafield ind1=" " ind2=" " tag="019"><subfield code="a">21388880</subfield></datafield><datafield ind1=" " ind2=" " tag="042"><subfield code="a">msc</subfield></datafield><datafield ind1="0" ind2="4" tag="245"><subfield code="a">The Camp Hale ski-zette.</subfield></datafield><datafield ind1="1" ind2="0" tag="246"><subfield code="a">What's my name?</subfield></datafield><datafield ind1=" " ind2=" " tag="260"><subfield code="a">Camp Hale, Colo. :</subfield><subfield code="b">Lt. William W. Garner,</subfield></datafield><datafield ind1=" " ind2=" " tag="300"><subfield code="a">v.</subfield></datafield><datafield ind1=" " ind2=" " tag="310"><subfield code="a">Weekly</subfield></datafield><datafield ind1="0" ind2=" " tag="362"><subfield code="a">Vol. 1, no. 1 (Dec. 18, 1942)-</subfield></datafield><datafield ind1=" " ind2=" " tag="500"><subfield code="a">First issue, untitled, called: What's my name?</subfield></datafield><datafield ind1=" " ind2=" " tag="530"><subfield code="a">Available on microfilm from the Colorado Historical Society.</subfield></datafield><datafield ind1=" " ind2=" " tag="752"><subfield code="a">United States</subfield><subfield code="b">Colorado</subfield><subfield code="c">Eagle</subfield><subfield code="d">Camp Hale.</subfield></datafield></record>